@misc{wiki:Plagiarism,
   author = "Wikipedia",
   title = "{Plagiarism} --- {W}ikipedia{,} The Free Encyclopedia",
   year = "2019",
   howpublished = {\url{http://en.wikipedia.org/w/index.php?title=Plagiarism&oldid=886680469}},
   note = "[Online; accessed 09-March-2019]"
 }

@misc{wiki:Brazil,
   author = "Wikipedia",
   title = "{Brazil} --- {W}ikipedia{,} The Free Encyclopedia",
   year = "2019",
   howpublished = {\url{http://en.wikipedia.org/w/index.php?title=Brazil&oldid=886850133}},
   note = "[Online; accessed 09-March-2019]"
 }

@misc{wiki:Deutsch,
   author = "Wikipedia",
   title = "{Deutsch} --- {W}ikipedia{,} The Free Encyclopedia",
   year = "2019",
   howpublished = {\url{http://en.wikipedia.org/w/index.php?title=Deutsch&oldid=881263844}},
   note = "[Online; accessed 09-March-2019]"
 }
